@article{bellman1952theory,
  title={On the theory of dynamic programming},
  author={Bellman, Richard},
  journal={Proceedings of the National Academy of Sciences},
  volume={38},
  number={8},
  pages={716--719},
  year={1952},
  publisher={National Acad Sciences}
}

@phdthesis{whitegrid,
    title    = {The Role of Delayed Consequences in Human Decision-Making.},
    school   = {Princeton University},
    author   = {White, John Myles},
    year     = {2013}
}

@article{tymula2012adolescents,
  title={Adolescents' risk-taking behavior is driven by tolerance to ambiguity},
  author={Tymula, Agnieszka and Belmaker, Lior A Rosenberg and Roy, Amy K and Ruderman, Lital and Manson, Kirk and Glimcher, Paul W and Levy, Ifat},
  journal={Proceedings of the National Academy of Sciences},
  pages={17135-17140},
  volume = {109},
  number = {42},
  year={2012},
  publisher={National Acad Sciences}
}


@article{nelson2014,
author = {Nelson, Jonathan D and Divjak, B and Gudmundsdottir, G and Martignon, L F and Meder, Bj{\"o}rn},
title = {Children's sequential information search is sensitive to environmental probabilities},
journal = {Cognition},
year = {2014},
volume = {130},
number = {1},
pages = {74--80}
}

@article{gershman2018deconstructing,
  title={Deconstructing the human algorithms for exploration},
  author={Gershman, Samuel J},
  journal={Cognition},
  volume={173},
  pages={34--42},
  year={2018},
  publisher={Elsevier}
}


@inproceedings{wu2017mapping,
  title={Mapping the unknown: The spatially correlated multi-armed bandit},
  author={Wu, Charley M and Schulz, Eric and Speekenbrink, Maarten and Nelson, Jonathan D and Meder, Bj{\"o}rn},
  booktitle = {Proceedings of the 39th Annual Meeting of the Cognitive Science Society},
  year={2017},
  pages={1357-1362},
}

@inproceedings{sollich1999learning,
  title={{Learning curves for Gaussian processes}},
  author={Sollich, Peter},
  booktitle={{Advances in Neural Information Processing Systems}},
  pages={344--350},
  year={1999}
}

@article{davidson1991developmental,
  title={Developmental differences in children's search of predecisional information},
  author={Davidson, Denise},
  journal={Journal of Experimental Child Psychology},
  volume={52},
  number={2},
  pages={239--255},
  year={1991},
  publisher={Elsevier}
}


@article{josef2016stability,
  title={Stability and change in risk-taking propensity across the adult life span.},
  author={Josef, Anika K and Richter, David and Samanez-Larkin, Gregory R and Wagner, Gert G and Hertwig, Ralph and Mata, Rui},
  journal={Journal of Personality and Social Psychology},
  volume={111},
  number={3},
  pages={430},
  year={2016},
  publisher={American Psychological Association}
}



@article{decker2016creatures,
  title={From creatures of habit to goal-directed learners: Tracking the developmental emergence of model-based reinforcement learning},
  author={Decker, Johannes H and Otto, A Ross and Daw, Nathaniel D and Hartley, Catherine A},
  journal={Psychological Science},
  volume={27},
  number={6},
  pages={848--858},
  year={2016},
  publisher={SAGE Publications Sage CA: Los Angeles, CA}
}


@article{palminteri2016computational,
  title={The computational development of reinforcement learning during adolescence},
  author={Palminteri, Stefano and Kilford, Emma J and Coricelli, Giorgio and Blakemore, Sarah-Jayne},
  journal={PLoS Computational Biology},
  volume={12},
  number={6},
  pages={e1004953},
  year={2016},
  publisher={Public Library of Science}
}

@article{keresztes2018hippocampal,
  title={Hippocampal maturity promotes memory distinctiveness in childhood and adolescence},
  author={Keresztes, Attila and Bender, Andrew and Bodammer, Nils and Lindenberger, Ulman and Shing, Yee Lee and Werkle-Bergner, Markus},
  journal={Proceedings of the National Academy of Sciences},
  volume={114},
  number={34},
  pages={9212--9217},
  year={2017},
  publisher={National Academy of Sciences of the United States of America}
}


@article{Ruggeri2016,
author = {Ruggeri, Azzurra and Lombrozo, Tania and Griffiths, Thomas L. and Xu, Fei},
journal = {Developmental Psychology},
keywords = {20-questions,active learning,cognitive development,game,information search},
mendeley-groups = {Children},
pages = {2159--2173},
title = {{Sources of developmental change in the efficiency of information search}},
volume = {52},
year = {2016}
}

@article{Ruggeri2015,
author = {Ruggeri, Azzurra and Lombrozo, Tania},
journal = {Cognition},
mendeley-groups = {Children},
pages = {203--216},
pmid = {26197300},
publisher = {Elsevier B.V.},
title = {{Children adapt their questions to achieve efficient search}},
volume = {143},
number={1},
year = {2015}
}

@article{patil2010pymc,
  title={{PyMC: Bayesian stochastic modelling in Python}},
  author={Patil, Anand and Huard, David and Fonnesbeck, Christopher J},
  journal={Journal of Statistical Software},
  volume={35},
  number={4},
  pages={1},
  year={2010},
  publisher={Europe PMC Funders}
}

@article{turing1950computing,
  title={Computing intelligence and machinery},
  author={Turing, Alan},
  journal={Mind},
  volume={59},
  number={2236},
  pages={433--460},
  year={1950}
}


@article{Gopnik1988,
author = {Gopnik, Alison and Astington, Janet W},
journal = {Child development},
pages = {26--37},
title = {{Children's understanding of representational change and its relation to the understanding of false belief and the appearance-reality distinction}},
volume = {59},
year = {1988}
}

@article{gopnik2015younger,
  title={When younger learners can be better (or at least more open-minded) than older ones},
  author={Gopnik, Alison and Griffiths, Thomas L and Lucas, Christopher G},
  journal={Current Directions in Psychological Science},
  volume={24},
  number={2},
  pages={87--92},
  year={2015},
  publisher={SAGE Publications}
}

@article{gershman2017reinforcement,
  title={Reinforcement learning and episodic memory in humans and animals: An integrative framework},
  author={Gershman, Samuel J and Daw, Nathaniel D},
  journal={Annual Review of Psychology},
  volume={68},
  pages={101--128},
  year={2017},
  publisher={Annual Reviews}
}

@article{lake2015human,
  title={Human-level concept learning through probabilistic program induction},
  author={Lake, Brenden M and Salakhutdinov, Ruslan and Tenenbaum, Joshua B},
  journal={Science},
  volume={350},
  number={6266},
  pages={1332--1338},
  year={2015},
  publisher={American Association for the Advancement of Science}
}

@article{Gopnik2012,
author = {Gopnik, a and Wellman, Hm},
doi = {10.1037/a0028044.Reconstructing},
isbn = {1939-1455$\backslash$r0033-2909},
issn = {00332909},
journal = {Psychological Bulletin},
keywords = {bayesian inference,causal knowledge,cognitive development,intuitive,theory of mind},
mendeley-groups = {Bayesian Modeling},
number = {6},
pages = {1085--108},
pmid = {22582739},
title = {{Reconstructing constructivism: Causal models, Bayesian learning mechanisms, and the theory theory.}},
url = {http://psycnet.apa.org/psycarticles/2012-12791-001},
volume = {138},
year = {2012}
}

@article{Lucas2014,
abstract = {Children learn causal relationships quickly and make far-reaching causal inferences from what they observe. Acquiring abstract causal principles that allow generalization across different causal relationships could support these abilities. We examine children's ability to acquire abstract knowledge about the forms of causal relationships and show that in some cases they learn better than adults. Adults and 4- and 5-year-old children saw events suggesting that a causal relationship took one of two different forms, and their generalization to a new set of objects was then tested. One form was a more typical disjunctive relationship; the other was a more unusual conjunctive relationship. Participants were asked to both judge the causal efficacy of the objects and to design actions to generate or prevent an effect. Our results show that children can learn the abstract properties of causal relationships using only a handful of events. Moreover, children were more likely than adults to generalize the unusual conjunctive relationship, suggesting that they are less biased by prior assumptions and pay more attention to current evidence. These results are consistent with the predictions of a hierarchical Bayesian model. ?? 2014 The Authors.},
author = {Lucas, Christopher G. and Bridgers, Sophie and Griffiths, Thomas L. and Gopnik, Alison},
isbn = {1873-7838 (Electronic)$\backslash$r0010-0277 (Linking)},
issn = {00100277},
journal = {Cognition},
keywords = {Bayesian models,Causality,Cognitive development},
number = {2},
pages = {284--299},
pmid = {24566007},
publisher = {Elsevier B.V.},
title = {{When children are better (or at least more open-minded) learners than adults: Developmental differences in learning the forms of causal relationships}},
volume = {131},
year = {2014}
}

@article{gopnik2004theory,
  title={A theory of causal learning in children: causal maps and Bayes nets.},
  author={Gopnik, Alison and Glymour, Clark and Sobel, David M and Schulz, Laura E and Kushnir, Tamar and Danks, David},
  journal={Psychological review},
  volume={111},
  number={1},
  pages={3},
  year={2004},
  publisher={American Psychological Association}
}


@article{lake2017building,
  title={Building machines that learn and think like people},
  author={Lake, Brenden M and Ullman, Tomer D and Tenenbaum, Joshua B and Gershman, Samuel J},
  journal={Behavioral and Brain Sciences},
  volume={40},
  pages={e253},
  year={2017},
  publisher={Cambridge University Press}
}


@article{harlow1949formation,
  title={The formation of learning sets.},
  author={Harlow, Harry F},
  journal={Psychological review},
  volume={56},
  number={1},
  pages={51},
  year={1949},
  publisher={American Psychological Association}
}

@article{Tenenbaum2011,
  title={How to grow a mind: Statistics, structure, and abstraction},
  author={Tenenbaum, Joshua B and Kemp, Charles and Griffiths, Thomas L and Goodman, Noah D},
  journal={science},
  volume={331},
  number={6022},
  pages={1279--1285},
  year={2011},
  publisher={American Association for the Advancement of Science}
}

@article{tukey1977box,
  title={Box-and-whisker plots},
  author={Tukey, John W},
  journal={Exploratory data analysis},
  pages={39--43},
  year={1977},
  publisher={Addison-Wesley Reading, Massachusetts}
}


@article{Bonawitz2014,
author = {Bonawitz, Elizabeth and Denison, Stephanie and Griffiths, Thomas L. and Gopnik, Alison},
doi = {10.1016/j.tics.2014.06.006},
file = {:Users/wu/Google Drive/Papers/BonawitzTrends2014.pdf:pdf},
isbn = {1364-6613},
issn = {1879307X},
journal = {Trends in Cognitive Sciences},
keywords = {Approximate bayesian inference,Causal learning,Cognitive development,Sampling hypothesis},
number = {10},
pages = {497--500},
pmid = {25001609},
publisher = {Elsevier Ltd},
title = {{Probabilistic models, learning algorithms, and response variability: Sampling in cognitive development}},
volume = {18},
year = {2014}
}

@article{Blanco2016,
  title={Exploratory decision-making as a function of lifelong experience, not cognitive decline.},
  author={Blanco, Nathaniel J and Love, Bradley C and Ramscar, Michael and Otto, A Ross and Smayda, Kirsten and Maddox, W Todd},
  journal={Journal of Experimental Psychology: General},
  volume={145},
  number={3},
  pages={284--297},
  year={2016},
  publisher={American Psychological Association}
}

@article{bubeck2012regret,
  title={Regret analysis of stochastic and nonstochastic multi-armed bandit problems},
  author={Bubeck, S{\'e}bastien and Cesa-Bianchi, Nicolo},
  journal={Foundations and Trends{\textregistered} in Machine Learning},
  volume={5},
  number={1},
  pages={1--122},
  year={2012},
  publisher={Now Publishers, Inc.}
}


@article{shepard1987toward,
  title={Toward a universal law of generalization for psychological science},
  author={Shepard, Roger N},
  journal={Science},
  volume={237},
  number={4820},
  pages={1317--1323},
  year={1987},
  publisher={JSTOR}
}

@inproceedings{sutton1996generalization,
  title={Generalization in reinforcement learning: Successful examples using sparse coarse coding},
  author={Sutton, Richard S},
  booktitle={Advances in neural information processing systems},
  pages={1038--1044},
  year={1996}
}

@article{tenenbaum2001generalization,
  title={Generalization, similarity, and Bayesian inference},
  author={Tenenbaum, Joshua B and Griffiths, Thomas L},
  journal={Behavioral and brain sciences},
  volume={24},
  number={4},
  pages={629--640},
  year={2001},
  publisher={Cambridge University Press}
}

@article{nosofsky1986attention,
  title={Attention, similarity, and the identification--categorization relationship.},
  author={Nosofsky, Robert M},
  journal={Journal of experimental psychology: General},
  volume={115},
  number={1},
  pages={39},
  year={1986},
  publisher={American Psychological Association}
}

@article{wason1960failure,
  title={On the failure to eliminate hypotheses in a conceptual task},
  author={Wason, Peter C},
  journal={Quarterly journal of experimental psychology},
  volume={12},
  number={3},
  pages={129--140},
  year={1960},
  publisher={Taylor \& Francis}
}

@article{carroll1963functional,
  title={Functional learning: The learning of continuous functional mappings relating stimulus and response continua},
  author={Carroll, J Douglas},
  journal={ETS Research Report Series},
  volume={1963},
  number={2},
  year={1963},
  publisher={Wiley Online Library}
}

@article{busemeyer1997learning,
  title={Learning functional relations based on experience with input-output pairs by humans and artificial neural networks.},
  author={Busemeyer, Jerome R and Byun, Eunhee and Delosh, Edward L and McDaniel, Mark A},
  year={1997},
  publisher={The MIT Press}
}

@article{kalish2004population,
  title={Population of linear experts: knowledge partitioning and function learning.},
  author={Kalish, Michael L and Lewandowsky, Stephan and Kruschke, John K},
  journal={Psychological Review},
  volume={111},
  number={4},
  pages={1072},
  year={2004},
  publisher={American Psychological Association}
}

@inproceedings{stojic2015human,
  title={Human behavior in contextual multi-armed bandit problems.},
  author={Stojic, Hrvoje and Analytis, Pantelis P and Speekenbrink, Maarten},
  booktitle={CogSci},
  year={2015}
}

@article{stadie2015incentivizing,
  title={Incentivizing exploration in reinforcement learning with deep predictive models},
  author={Stadie, Bradly C and Levine, Sergey and Abbeel, Pieter},
  journal={arXiv preprint arXiv:1507.00814},
  year={2015}
}


@inproceedings{boyan1995generalization,
  title={Generalization in reinforcement learning: Safely approximating the value function},
  author={Boyan, Justin A and Moore, Andrew W},
  booktitle={Advances in neural information processing systems},
  pages={369--376},
  year={1995}
}

@article{mnih2015human,
  title={Human-level control through deep reinforcement learning},
  author={Mnih, Volodymyr and Kavukcuoglu, Koray and Silver, David and Rusu, Andrei A and Veness, Joel and Bellemare, Marc G and Graves, Alex and Riedmiller, Martin and Fidjeland, Andreas K and Ostrovski, Georg and others},
  journal={Nature},
  volume={518},
  number={7540},
  pages={529--533},
  year={2015},
  publisher={Nature Research}
}

@article{auer2002using,
  title={Using confidence bounds for exploitation-exploration trade-offs},
  author={Auer, Peter},
  journal={Journal of Machine Learning Research},
  volume={3},
  number={Nov},
  pages={397--422},
  year={2002}
}

@article{tenenbaum2011grow,
  title={How to grow a mind: Statistics, structure, and abstraction},
  author={Tenenbaum, Joshua B and Kemp, Charles and Griffiths, Thomas L and Goodman, Noah D},
  journal={Science},
  volume={331},
  number={6022},
  pages={1279--1285},
  year={2011},
  publisher={American Association for the Advancement of Science}
}


@article{srinivas2009gaussian,
  title={Gaussian process optimization in the bandit setting: No regret and experimental design},
  author={Srinivas, Niranjan and Krause, Andreas and Kakade, Sham M and Seeger, Matthias},
  journal={arXiv preprint arXiv:0912.3995},
  year={2009}
}

@article{laureiro2010neuroscientific,
  title={The neuroscientific foundations of the exploration- exploitation dilemma.},
  author={Laureiro-Mart{\'\i}nez, Daniella and Brusoni, Stefano and Zollo, Maurizio},
  journal={Journal of Neuroscience, Psychology, and Economics},
  volume={3},
  number={2},
  pages={95},
  year={2010},
  publisher={Educational Publishing Foundation}
}

@article{gittins1979dynamic,
  title={{A dynamic allocation index for the discounted multiarmed bandit problem}},
  author={Gittins, John C and Jones, David M},
  journal={Biometrika},
  volume={66},
  number={3},
  pages={561--565},
  year={1979},
  publisher={Oxford University Press}
}

@article{wu2018exploration,
  title = {Generalization guides human exploration in vast decision spaces},
  author = {Wu, Charley M and Schulz, Eric and Speekenbrink, Maarten and Nelson, Jonathan D and Meder, Bj{\"o}rn},
  journal = {Nature Human Behaviour},
  volume = {2},
  pages = {915--924},
  year = {2018}
}

@article{schulz2017putting,
  title={Putting bandits into context: How function learning supports decision making},
  author={Schulz, Eric and Konstantinidis, E and Speekenbrink, Maarten},
  volume = {44},
  pages = {927--943},
  journal={Journal of Experimental Psychology: Learning, Memory, and Cognition},
  year={2017}
}

@article{schwartz2006navigating,
  title={Navigating the paradox of choice},
  author={Schwartz, Barry},
  journal={International Commerce Review: ECR Journal},
  volume={6},
  number={1},
  pages={43},
  year={2006},
  publisher={Springer Science \& Business Media}
}

@article{cohen2007should,
  title={Should I stay or should I go? How the human brain manages the trade-off between exploitation and exploration},
  author={Cohen, Jonathan D and McClure, Samuel M and Angela, J Yu},
  journal={Philosophical Transactions of the Royal Society of London B: Biological Sciences},
  volume={362},
  number={1481},
  pages={933--942},
  year={2007},
  publisher={The Royal Society}
}

@article{mehlhorn2015unpacking,
  title={Unpacking the exploration--exploitation tradeoff: A synthesis of human and animal literatures.},
  author={Mehlhorn, Katja and Newell, Ben R and Todd, Peter M and Lee, Michael D and Morgan, Kate and Braithwaite, Victoria A and Hausmann, Daniel and Fiedler, Klaus and Gonzalez, Cleotilde},
  journal={Decision},
  volume={2},
  number={3},
  pages={191--215},
  year={2015},
  publisher={Educational Publishing Foundation}
}

@article{gershman2015novelty,
  title={Novelty and inductive generalization in human reinforcement learning},
  author={Gershman, Samuel J and Niv, Yael},
  journal={Topics in cognitive science},
  volume={7},
  number={3},
  pages={391--415},
  year={2015},
  publisher={Wiley Online Library}
}

@article{coenen2017asking,
  title={Asking the right questions about human inquiry},
  author={Coenen, Anna and Nelson, Jonathan D and Gureckis, Todd},
  year={2017},
  publisher={PsyArXiv}
}

@article{farashahi2017your,
  title={Your favorite color makes learning more adaptable and precise},
  author={Farashahi, Shiva and Rowe, Katherine and Aslami, Zohra and Lee, Daeyeol and Soltani, Alireza},
  journal={bioRxiv},
  pages={097741},
  year={2017},
  publisher={Cold Spring Harbor Labs Journals}
}

@article{martignon2006educating,
  title={Educating children in stochastic modeling: Games with stochastic urns and colored tinker-cubes},
  author={Martignon, Laura and Kurz-Milcke, Elke},
  journal={Working cooperatively in statistics education. ICOTS},
  year={2006}
}

@article{bonawitz2011double,
  title={The double-edged sword of pedagogy: Instruction limits spontaneous exploration and discovery},
  author={Bonawitz, Elizabeth and Shafto, Patrick and Gweon, Hyowon and Goodman, Noah D and Spelke, Elizabeth and Schulz, Laura E},
  journal={Cognition},
  volume={120},
  number={3},
  pages={322--330},
  year={2011},
  publisher={Elsevier}
}

@article{strauss2011deficits,
  title={Deficits in positive reinforcement learning and uncertainty-driven exploration are associated with distinct aspects of negative symptoms in schizophrenia},
  author={Strauss, Gregory P and Frank, Michael J and Waltz, James A and Kasanova, Zuzana and Herbener, Ellen S and Gold, James M},
  journal={Biological psychiatry},
  volume={69},
  number={5},
  pages={424--431},
  year={2011},
  publisher={Elsevier}
}

@article{mata2013foraging,
  title={Foraging across the life span: is there a reduction in exploration with aging?},
  author={Mata, Rui and Wilke, Andreas and Czienskowski, Uwe},
  journal={Frontiers in Neuroscience},
  volume={7},
  year={2013},
  pages={53},
  publisher={Frontiers Media SA}
}

@article{cauffman2010age,
  title={Age differences in affective decision making as indexed by performance on the Iowa Gambling Task.},
  author={Cauffman, Elizabeth and Shulman, Elizabeth P and Steinberg, Laurence and Claus, Eric and Banich, Marie T and Graham, Sandra and Woolard, Jennifer},
  journal={Developmental Psychology},
  volume={46},
  number={1},
  pages={193--207},
  year={2010},
  publisher={American Psychological Association}
}

@article{eliassen2007exploration,
  title={Exploration or exploitation: life expectancy changes the value of learning in foraging strategies},
  author={Eliassen, Sigrunn and J{\o}rgensen, Christian and Mangel, Marc and Giske, Jarl},
  journal={Oikos},
  volume={116},
  number={3},
  pages={513--523},
  year={2007},
  publisher={Wiley Online Library}
}

@article{carstensen2006influence,
  title={The influence of a sense of time on human development},
  author={Carstensen, Laura L},
  journal={Science},
  volume={312},
  number={5782},
  pages={1913--1915},
  year={2006},
  publisher={American Association for the Advancement of Science}
}

@article{wang2009life,
  title={Life history variables and risk-taking propensity},
  author={Wang, Xiao-Tian and Kruger, Daniel J and Wilke, Andreas},
  journal={Evolution and Human Behavior},
  volume={30},
  number={2},
  pages={77--84},
  year={2009},
  publisher={Elsevier}
}

@article{thiel2006different,
  title={Different habitats, different habits? Response to foraging information in the parasitic wasp Venturia canescens},
  author={Thiel, Andra and Driessen, Gerard and Hoffmeister, Thomas S},
  journal={Behavioral Ecology and Sociobiology},
  volume={59},
  number={5},
  pages={614--623},
  year={2006},
  publisher={Springer}
}

@article{yu2006cognitive,
  title={Cognitive aging in zebrafish},
  author={Yu, Lili and Tucci, Valter and Kishi, Shuji and Zhdanova, Irina V},
  journal={PloS one},
  volume={1},
  number={1},
  pages={e14},
  year={2006},
  publisher={Public Library of Science}
}

@article{lalonde2002neurobiological,
  title={The neurobiological basis of spontaneous alternation},
  author={Lalonde, Robert},
  journal={Neuroscience \& Biobehavioral Reviews},
  volume={26},
  number={1},
  pages={91--104},
  year={2002},
  publisher={Elsevier}
}

@article{aston2005integrative,
  title={An integrative theory of locus coeruleus-norepinephrine function: adaptive gain and optimal performance},
  author={Aston-Jones, Gary and Cohen, Jonathan D},
  journal={Annu. Rev. Neurosci.},
  volume={28},
  pages={403--450},
  year={2005},
  publisher={Annual Reviews}
}

@article{daw2006cortical,
  title={Cortical substrates for exploratory decisions in humans},
  author={Daw, Nathaniel D and O'doherty, John P and Dayan, Peter and Seymour, Ben and Dolan, Raymond J},
  journal={Nature},
  volume={441},
  number={7095},
  pages={876},
  year={2006},
  publisher={Europe PMC Funders}
}

@article{gureckis2012self,
  title={Self-directed learning: A cognitive and computational perspective},
  author={Gureckis, Todd M and Markant, Douglas B},
  journal={Perspectives on Psychological Science},
  volume={7},
  number={5},
  pages={464--481},
  year={2012},
  publisher={Sage Publications Sage CA: Los Angeles, CA}
}

@article{schulz2015infants,
  title={Infants explore the unexpected},
  author={Schulz, Laura E},
  journal={Science},
  volume={348},
  number={6230},
  pages={42--43},
  year={2015},
  publisher={American Association for the Advancement of Science}
}

@article{bonawitz2012children,
  title={Children balance theories and evidence in exploration, explanation, and learning},
  author={Bonawitz, Elizabeth Baraff and van Schijndel, Tessa JP and Friel, Daniel and Schulz, Laura},
  journal={Cognitive Psychology},
  volume={64},
  number={4},
  pages={215--234},
  year={2012},
  publisher={Elsevier}
}

@article{frank2009prefrontal,
  title={Prefrontal and striatal dopaminergic genes predict individual differences in exploration and exploitation},
  author={Frank, Michael J and Doll, Bradley B and Oas-Terpstra, Jen and Moreno, Francisco},
  journal={Nature Neuroscience},
  volume={12},
  number={8},
  pages={1062--1068},
  year={2009},
  publisher={Nature Publishing Group}
}

@article{krueger2017strategies,
  title={Strategies for exploration in the domain of losses},
  author={Krueger, Paul M and Wilson, Robert C and Cohen, Jonathan D},
  journal={Judgment and Decision Making},
  volume={12},
  number={2},
  pages={104},
  year={2017},
  publisher={Society for Judgment \& Decision Making}
}

@article{meyer1995sequential,
  title={Sequential choice under ambiguity: Intuitive solutions to the armed-bandit problem},
  author={Meyer, Robert J and Shi, Yong},
  journal={Management science},
  volume={41},
  number={5},
  pages={817--834},
  year={1995},
  publisher={INFORMS}
}

@inproceedings{zhang2013forgetful,
  title={Forgetful Bayes and myopic planning: Human learning and decision-making in a bandit setting},
  author={Zhang, Shunan and Angela, J Yu},
  booktitle={Advances in neural information processing systems},
  pages={2607--2615},
  year={2013}
}

@article{payzan2011risk,
  title={Risk, unexpected uncertainty, and estimation uncertainty: Bayesian learning in unstable settings},
  author={Payzan-LeNestour, Elise and Bossaerts, Peter},
  journal={PLoS computational biology},
  volume={7},
  number={1},
  pages={e1001048},
  year={2011},
  publisher={Public Library of Science}
}

@article{wilson2014humans,
  title={Humans use directed and random exploration to solve the explore--exploit dilemma.},
  author={Wilson, Robert C and Geana, Andra and White, John M and Ludvig, Elliot A and Cohen, Jonathan D},
  journal={Journal of Experimental Psychology: General},
  volume={143},
  number={6},
  pages={2074--2081},
  year={2014},
  publisher={American Psychological Association}
}

@article{crone2012understanding,
  title={Understanding adolescence as a period of social-affective engagement and goal flexibility},
  author={Crone, Eveline A and Dahl, Ronald E},
  journal={Nature reviews. Neuroscience},
  volume={13},
  number={9},
  pages={636},
  year={2012},
  publisher={Nature Publishing Group}
}

@article{adriani1998elevated,
  title={Elevated novelty seeking and peculiar d-amphetamine sensitization in periadolescent mice compared with adult mice.},
  author={Adriani, Walter and Chiarotti, Flavia and Laviola, Giovanni},
  journal={Behavioral neuroscience},
  volume={112},
  number={5},
  pages={1152},
  year={1998},
  publisher={American Psychological Association}
}

@article{somerville2017charting,
  title={Charting the expansion of strategic exploratory behavior during adolescence.},
  author={Somerville, Leah H and Sasse, Stephanie F and Garrad, Megan C and Drysdale, Andrew T and Abi Akar, Nadine and Insel, Catherine and Wilson, Robert C},
  journal={Journal of Experimental Psychology: General},
  volume={146},
  number={2},
  pages={155--164},
  year={2017},
  publisher={American Psychological Association}
}

@article{hagen1973development,
  title={The development of attention in children},
  author={Hagen, John W and Hale, Gordon A},
  journal={ETS Research Report Series},
  volume={1973},
  year={1973},
  publisher={Wiley Online Library}
}

@article{davidson1996effects,
  title={The effects of decision characteristics on children's selective search of predecisional information},
  author={Davidson, Denise},
  journal={Acta Psychologica},
  volume={92},
  number={3},
  pages={263--281},
  year={1996},
  publisher={Elsevier}
}

@article{gopnik2017changes,
  title={Changes in cognitive flexibility and hypothesis search across human life history from childhood to adolescence to adulthood},
  author={Gopnik, Alison and O'Grady, Shaun and Lucas, Christopher G and Griffiths, Thomas L and Wente, Adrienne and Bridgers, Sophie and Aboody, Rosie and Fung, Hoki and Dahl, Ronald E},
  journal={Proceedings of the National Academy of Sciences},
  volume={114},
  number={30},
  pages={7892--7899},
  year={2017},
  publisher={National Acad Sciences}
}

@article{eppinger2013goals,
  title={Of goals and habits: age-related and individual differences in goal-directed decision-making},
  author={Eppinger, Ben and Walter, Maik and Heekeren, Hauke R and Li, Shu-Chen},
  journal={Frontiers in neuroscience},
  volume={7},
  year={2013},
  publisher={Frontiers Media SA}
}

@article{ito2009enhanced,
  title={Enhanced generalization of auditory conditioned fear in juvenile mice},
  author={Ito, Wataru and Pan, Bing-Xing and Yang, Chao and Thakur, Siddarth and Morozov, Alexei},
  journal={Learning \& Memory},
  volume={16},
  number={3},
  pages={187--192},
  year={2009},
  publisher={Cold Spring Harbor Lab}
}

@article{houston1999effects,
  title={Effects of age on the generalization and incubation of memory in the F344 rat},
  author={Houston, Frank P and Stevenson, Gail D and McNaughton, Bruce L and Barnes, Carol A},
  journal={Learning \& Memory},
  volume={6},
  number={2},
  pages={111--119},
  year={1999},
  publisher={Cold Spring Harbor Lab}
}

@article{piaget1964part,
  title={Part I: Cognitive development in children: Piaget development and learning},
  author={Piaget, Jean},
  journal={Journal of Research in Science Teaching},
  volume={2},
  number={3},
  pages={176--186},
  year={1964},
  publisher={Wiley Online Library}
}

@incollection{klahr1982nonmonotone,
  author      = {Klahr, D},
  title       = {Nonmonotone assessment of monotone development: An information processing analysis},
  editor      = {S Strauss and R Stavy },
  booktitle   = {U-shaped behavioral growth},
  publisher   = {Academic Press},
  address     = {New York},
  year        = {1982},
  pages       = {63--86}
}



@inproceedings{acuna2009structure,
  title={Structure learning in human sequential decision-making},
  author={Acuna, Daniel and Schrater, Paul R},
  booktitle={{Advances in Neural Information Processing Systems}},
  pages={1--8},
  year={2009}
}

@article{knox2012nature,
  title={The nature of belief-directed exploratory choice in human decision-making},
  author={Knox, W Bradley and Otto, A Ross and Stone, Peter and Love, Bradley},
  journal={Frontiers in psychology},
  volume={2},
  pages={398},
  year={2012},
  publisher={Frontiers}
}

@article{otto2014physiological,
  title={Physiological and behavioral signatures of reflective exploratory choice},
  author={Otto, A Ross and Knox, W Bradley and Markman, Arthur B and Love, Bradley C},
  journal={Cognitive, Affective, \& Behavioral Neuroscience},
  volume={14},
  number={4},
  pages={1167--1183},
  year={2014},
  publisher={Springer}
}

@article{casey2005imaging,
  title={Imaging the developing brain: what have we learned about cognitive development?},
  author={Casey, BJ and Tottenham, Nim and Liston, Conor and Durston, Sarah},
  journal={Trends in cognitive sciences},
  volume={9},
  number={3},
  pages={104--110},
  year={2005},
  publisher={Elsevier}
}

@article{hartley2015neuroscience,
  title={The neuroscience of adolescent decision-making},
  author={Hartley, Catherine A and Somerville, Leah H},
  journal={Current Opinion in Behavioral Sciences},
  volume={5},
  number={9},
  pages={108--115},
  year={2015},
  publisher={Elsevier}
}

@article{lucas2015rational,
  title={A rational model of function learning},
  author={Lucas, Christopher G and Griffiths, Thomas L and Williams, Joseph J and Kalish, Michael L},
  journal={Psychonomic Bulletin \& Review},
  volume={22},
  number={5},
  pages={1193--1215},
  year={2015},
  publisher={Springer}
}

@article{vandenbos2017computational,
  title={Computational neuroscience across the lifespan: Promises and pitfalls},
  author={van den Bos, Wouter and Bruckner, Rasmus and Nassar, Matthew R and Matta, Rui and Eppinger, Ben},
  journal={Developmental Cognitive Neuroscience},
  pages={3--37},
  volume={7},
  number={3},
  year={2017},
  publisher={Springer}
}



@book{williams2006gaussian,
  title = {{Gaussian Processes for machine learning}},
  author = {Rasmussen, CE. and Williams, CKI.},
  publisher = {MIT Press},
  address = {Cambridge, MA, USA},
  year = {2006},
}

@article {Schulz2018tutorial,
	author = {Schulz, Eric and Speekenbrink, Maarten and Krause, Andreas},
	title = {A tutorial on Gaussian process regression: Modelling, exploring, and exploiting functions},
	year = {2018},
	publisher = {Elsevier},
	journal = {Journal of Mathematical Psychology}
}

@article{schulz2016compositional,
  title={Compositional Inductive Biases in Function Learning},
  author={Schulz, Eric and Tenenbaum, Joshua B and Duvenaud, David and Speekenbrink, Maarten and Gershman, Samuel J},
  journal={bioRxiv},
  pages={091298},
  year={2016},
  publisher={Cold Spring Harbor Labs Journals}
}

@article{delosh1997extrapolation,
  title={Extrapolation: The sine qua non for abstraction in function learning.},
  author={DeLosh, Edward L and Busemeyer, Jerome R and McDaniel, Mark A},
  journal={Journal of Experimental Psychology: Learning, Memory, and Cognition},
  volume={23},
  number={4},
  pages={968},
  year={1997},
  publisher={American Psychological Association}
}

@Article{deoptim,
  title = {{DEoptim}: An {R} Package for Global Optimization by Differential Evolution},
  author = {Katharine Mullen and David Ardia and David Gil and Donald Windover and James Cline},
  journal = {Journal of Statistical Software},
  year = {2011},
  volume = {40},
  number = {6},
  pages = {1--26},
  url = {http://www.jstatsoft.org/v40/i06/},
}

@article{riedmiller2018learning,
  title={Learning by Playing-Solving Sparse Reward Tasks from Scratch},
  author={Riedmiller, Martin and Hafner, Roland and Lampe, Thomas and Neunert, Michael and Degrave, Jonas and Van de Wiele, Tom and Mnih, Volodymyr and Heess, Nicolas and Springenberg, Jost Tobias},
  journal={arXiv preprint arXiv:1802.10567},
  year={2018}
}


@article{gopnik2017making,
  title={Making {AI} more human},
  author={Gopnik, Alison},
  journal={Scientific American},
  volume={316},
  number={6},
  pages={60--65},
  year={2017},
  publisher={Nature Publishing Group}
}


@article{stephan2009bayesian,
  title={Bayesian model selection for group studies},
  author={Stephan, Klaas Enno and Penny, Will D and Daunizeau, Jean and Moran, Rosalyn J and Friston, Karl J},
  journal={Neuroimage},
  volume={46},
  number={4},
  pages={1004--1017},
  year={2009},
  publisher={Elsevier}
}


@article{rouder2009bayesian,
  title={Bayesian t tests for accepting and rejecting the null hypothesis},
  author={Rouder, Jeffrey N and Speckman, Paul L and Sun, Dongchu and Morey, Richard D and Iverson, Geoffrey},
  journal={Psychonomic Bulletin \& Review},
  volume={16},
  number={2},
  pages={225--237},
  year={2009},
  publisher={Springer}
}

@article{van2017bayesian,
  title={Bayesian Latent-Normal Inference for the Rank Sum Test, the Signed Rank Test, and {S}pearman's $\rho$},
  author={van Doorn, Johnny and Ly, Alexander and Marsman, Maarten and Wagenmakers, Eric-Jan},
  journal={arXiv preprint arXiv:1712.06941},
  year={2017}
}

