/home/hanshalbe/kwg/F_Paper/bib (copy).bib